
@inproceedings{srr,
	author = "P. S. Schenker, T. L. Huntsberger, and P. Pirjanian, Jet Propulsion Laboratory (USA), G. T. McKee, University of Reading (UK)",
	title = "Robotic Autonomy for Space: Cooperative and Reconfigurable Mobile Surface Systems",
	series = "i-SAIRAS 2001",
	year = "2001",
	location = "Canadian Space Agency, St. Hubert, Quebec, Canada"
	numpages = "7",
	keywords = "mobile robots, multi-robot cooperation, modular robots, planetary mobility, robot control architectures, sensor fusion, Mars rovers, space autonomy"
}

@book{craig,
	author = "John J. Craig",
	address = "Reading, Massachusetts",
	title = "Introduction to Robotics: Mechanics and Control",
	publisher = "Addison-Wesley",
	year = "1989",
	edition = "2",
	isbn = "0201095289"
}

@book{spong,
	author = "M. W. Spong, S. Hutchinson, and M. Vidyasagar",
	title = "Robot Modeling and Control",
	edition = "1",
	year = "2001",
	publisher = "John Wiley and Sons, Inc.",
}
