@article{tractl,
    author = "Olivier Toupet and Jeffrey Biesiadecki and Arturo Rankin and Amanda Steffy and Gareth Meirion-Griffith and Dan Levine and Maximilian Schadegg and Mark Maimone",
    title = "Terrain-Adaptive Wheel Speed Control on the Curiosity Mars Rover: Algorithm and Flight Results",
    journal = "Journal of Field Robotics",
    pages = "699--728",
    year = "2018",
    DOI = "http://dx.doi.org/10.1002/rob.21903"
}

@inproceedings{srr,
	author = "P. S. Schenker and T. L. Huntsberger and P. Pirjanian and Jet Propulsion Laboratory (USA) and G. T. McKee, University of Reading (UK)",
	title = "Robotic Autonomy for Space: Cooperative and Reconfigurable Mobile Surface Systems",
	series = "i-SAIRAS 2001",
	year = "2001",
	location = "Canadian Space Agency, St. Hubert, Quebec, Canada",
	numpages = "7",
	keywords = "mobile robots, multi-robot cooperation, modular robots, planetary mobility, robot control architectures, sensor fusion, Mars rovers, space autonomy"
}

@book{craig,
	author = "John J. Craig",
	title = "Introduction to Robotics: Mechanics and Control", 
	edition = "2", 
	year = "1989",
	location = "Reading, Massachusetts",
	publisher = "Addison-Wesley Publishing Company"
}

@book{spong,
	author = "M. W. Spong, S. Hutchinson, and M. Vidyasagar",
	title = "Robot Modeling and Control",
	edition = "1",
	year = "2001",
	publisher = "John Wiley and Sons, Inc.",
}
